@article{CoupeObrizan2023,
    title        = {War and Happiness},
    author       = {Coupé, Tom and Maksym Obrizan},
    year         = {2023},
    journal      = {Handbook of Subjective Well-Being}}

@article{BradfordHill1965,
    title        = {The Environment and Disease: Association or Causation?},
    author       = {Bradford-Hill, Austin},
    year         = {1965},
    journal      = {Proceedings of the Royal Society of Medicine, 58 , 295-300},
    url          = {https://www.edwardtufte.com/tufte/hill}}


@article{Ivlevs2015,
    title        = {Happy Moves? Assessing the Link between Life Satisfaction and Emigration Intentions},
    author       = {Ivlevs, Artjoms},
    year         = {2015},
    journal      = {Kyklos, Vol. 68(3), 335–356}},
    url          = {https://onlinelibrary.wiley.com/doi/abs/10.1111/kykl.12086}}


@article{ChildNikolova2020,
    title        = {War and social attitudes},
    author       = {Child, Travers Barclay and Elena Nikolova},
    year         = {2020},
    journal      = {Conflict Management and Peace Science, Vol. 37(2), 152–171},
    url          = {https://journals.sagepub.com/doi/abs/10.1177/0738894217750564}}

@article{Kijewski2020,
    title        = {Life Satisfaction Sixty Years after World War II: the Lasting Impact of War Across Generations},
    author       = {Kijewski, Sara},
    year         = {2020},
    journal      = {Applied Research in Quality of Life, vol. 15, 1253–1284},
    url          = {https://link.springer.com/article/10.1007/s11482-019-09726-z}}



@article{NikolovaSanfey2016,
    title        = {How much should we trust life satisfaction data? Evidence from the Life in Transition Survey},
    author       = {Nikolova, Elena and Peter Sanfey},
    year         = {2016},
    journal      = {Journal of Comparative Economics, vol. 44, 720–731},
    url          = {https://www.sciencedirect.com/science/article/abs/pii/S0147596715001122}}


@article{Djankovetal2016,
    title        = {The happinessgap in Eastern Europe},
    author       = {Djankov, Simeon and Elena Nikolova and Jan Zilinsky},
    year         = {2016},
    journal      = {Journal of Comparative Economics, vol. 44, 108–124},
    url          = {https://www.sciencedirect.com/science/article/abs/pii/S0147596715000888}}


@article{Steegen2016,
    title        = {Increasing Transparency Through a Multiverse Analysis},
    author       = {Steegen, Sara and Francis Tuerlinckx and Andrew Gelman and Wolf Vanpaemel},
    year         = {2016},
    journal      = {Perspectives on Psychological Science, 11(5) 702–712}}


@article{Adseraetal2021,
    title        = {Height and well-being during the transition from plan to market},
    author       = {Adsera, Alıcia`and Francesca Dalla Pozza and Sergei Guriev and Lukas Kleine-Rueschkamp and Elena Nikolova},
    year         = {2020},
    journal      = {Economic Policy January 2021, 77–120}}



@article{Obrizan2019,
    title        = {Violent conflict and unhappiness: evidence from the 2016 ‘Life in Transition' III survey},
    author       = {Obrizan, Maksym},
    year         = {2019},
    journal      = {Economics Bulletin, Vol.39(1), 192-199}}


@article{Recher2022,
    title        = {History Matters: Life Satisfaction in Transition Countries},
    author       = {Recher, Vedran},
    year         = {2022},
    journal      = {Journal of Happiness Studies 23, 171–193}}



@article{Huntington2021,
    title        = {The influence of hidden re-searcher decisions in applied microeconomics},
    author       = {Huntington-Klein, Nicholas and Arenas A. and Beam E. and Bertoni M. and Bloem, J. and Burli P. and Chen N. and Grieco P. and Ekpe G. and Pugatch T. and Saavedra M. and Y. Stopnitzky},
    year         = {2021},
    journal      = {Economic Inquiry, 59(3), 944-960}}



@article{Simonsohn2020,
    title        = {Specification curve analysis},
    author       = {Simonsohn, Uri and Simmons Joseph and Nelson, Leif},
    year         = {2021},
    journal      = {Nature Human Behavior 4, 1208–1214}}



@article{Hoogeveen2023,
    title        = {A many-analysts approach to the relation between religiosity and well-being},
    author       = {Hoogeveen, Suzanne and Alexandra Sarafoglou and Balazs Aczel and Yonathan Aditya and Alexandra J. Alayan and Peter J. Allen and Sacha Altay, Shilaan Alzahawi, Yulmaida Amir, Francis-Vincent Anthony, Obed Kwame Appiah, Quentin D. Atkinson, Adam Baimel, Merve Balkaya-Ince, Michela Balsamo, Sachin Banker, František Bartoš, Mario Becerra, Bertrand Beffara, Julia Beitner, Theiss Bendixen, Jana B. Berkessel, Renatas Berniūnas, Matthew I. Billet, Joseph Billingsley, Tiago Bortolini, Heiko Breitsohl, Amélie Bret, Faith L. Brown, Jennifer Brown, Claudia C. Brumbaugh, Jacek Buczny, Joseph Bulbulia, Saúl Caballero, Leonardo Carlucci, Cheryl L. Carmichael, Marco E. G. V. Cattaneo, Sarah J. Charles, Scott Claessens, Maxinne C. Panagopoulos, Angelo Brandelli Costa, Damien L. Crone, Stefan Czoschke, Christian Czymara, E. Damiano D'Urso, Örjan Dahlström, Anna Dalla Rosa, Henrik Danielsson, Jill De Ron, Ymkje Anna de Vries, Kristy K. Dean, Bryan J. Dik, David J. Disabato, Jaclyn K. Doherty, Tim Draws, Lucas Drouhot, Marin Dujmovic, Yarrow Dunham, Tobias Ebert, Peter A. Edelsbrunner, Anita Eerland, Christian T. Elbaek, Shole Farahmand, Hooman Farahmand, Miguel Farias, Abrey A. Feliccia, Kyle Fischer, Ronald Fischer, Donna Fisher-Thompson, Zoë Francis, Susanne Frick, Lisa K. Frisch, Diogo Geraldes, Emily Gerdin, Linda Geven, Omid Ghasemi, Erwin Gielens, Vukašin Gligorić, Kristin Hagel, Nandor Hajdu, Hannah R. Hamilton, Imaduddin Hamzah, Paul H. P. Hanel, Christopher E. Hawk, Karel K. Himawan, Benjamin C. Holding, Lina E. Homman, Moritz Ingendahl, Hilla Inkilä, Mary L. Inman, Chris-Gabriel Islam, Ozan Isler, David Izydorczyk, Bastian Jaeger, Kathryn A. Johnson, Jonathan Jong, Johannes A. Karl, Erikson Kaszubowski, Benjamin A. Katz, Lucas A. Keefer, Stijn Kelchtermans, John M. Kelly, Richard A. Klein, Bennett Kleinberg, Megan L. Knowles, Marta Kołczyńska, Dave Koller, Julia Krasko, Sarah Kritzler, Angelos-Miltiadis Krypotos, Thanos Kyritsis, Todd L. Landes, Ruben Laukenmann, Guy A. Lavender Forsyth, Aryeh Lazar, Barbara J. Lehman, Neil Levy, Ronda F. Lo, Paul Lodder, Jennifer Lorenz, Paweł Łowicki, Albert L. Ly, Esther Maassen, Gina M. Magyar-Russell, Maximilian Maier, Dylan R. Marsh, Nuria Martinez, Marcellin Martinie, Ihan Martoyo, Susan E. Mason, Anne Lundahl Mauritsen, Phil McAleer, Thomas McCauley, Michael McCullough, Ryan McKay, Camilla M. McMahon, Amelia A. McNamara, Kira K. Means, Brett Mercier, Panagiotis Mitkidis, Benoît Monin, Jordan W. Moon, David Moreau, Jonathan Morgan, James Murphy, George Muscatt, Christof Nägel, Tamás Nagy, Ladislas Nalborczyk, Gustav Nilsonne, Pamina Noack, Ara Norenzayan, Michèle B. Nuijten, Anton Olsson-Collentine, Lluis Oviedo, Yuri G. Pavlov, James O. Pawelski, Hannah I. Pearson, Hugo Pedder, Hannah K. Peetz, Michael Pinus, Steven Pirutinsky, Vince Polito, Michaela Porubanova, Michael J. Poulin, Jason M. Prenoveau, Mark A. Prince, John Protzko, Campbell Pryor, Benjamin G. Purzycki, Lin Qiu, Julian Quevedo Pütter, André Rabelo, Milen L. Radell, Jonathan E. Ramsay, Graham Reid, Andrew J. Roberts, Lindsey M. Root Luna, Robert M. Ross, Piotr Roszak, Nirmal Roy, Suvi-Maria K. Saarelainen, Joni Y. Sasaki, Catherine Schaumans, Bruno Schivinski, Marcel C. Schmitt, Sarah A. Schnitker, Martin Schnuerch, Marcel R. Schreiner, Victoria Schüttengruber, Simone Sebben, Suzanne C. Segerstrom, Berenika Seryczyńska, Uffe Shjoedt, Müge Simsek, Willem W. A. Sleegers, Eliot R. Smith, Walter J. Sowden, Marion Späth, Christoph Spörlein, William Stedden, Andrea H. Stoevenbelt, Simon Stuber, Justin Sulik, Christiany Suwartono, Stylianos Syropoulos, Barnabas Szaszi, Peter Szecsi, Ben M. Tappin, Louis Tay, Robert T. Thibault, Burt Thompson, Christian M. Thurn, Josefa Torralba, Shelby D. Tuthill, Ann-Marie Ullein, Robbie C. M. Van Aert, Marcel A. L. M. van Assen, Patty Van Cappellen, Olmo R. van den Akker, Ine Van der Cruyssen, Jolanda Van der Noll, Noah N. N. van Dongen, Caspar J. Van Lissa, Valerie van Mulukom, Don van Ravenzwaaij, Casper J. J. van Zyl, Leigh Ann Vaughn, Bojana Većkalov, Bruno Verschuere, Michelangelo Vianello, Felipe Vilanova, Allon Vishkin, Vera Vogel, Leonie V. D. E. Vogelsmeier, Shoko Watanabe, Cindel J. M. White, Kristina Wiebels, Sera Wiechert, Zachary Z. Willett, Maciej Witkowiak, Charlotte V. O. Witvliet, Dylan Wiwad, Robin Wuyts, Dimitris Xygalatas, Xin Yang, Darren J. Yeo, Onurcan Yilmaz, Natalia Zarzeczna, Yitong Zhao, Josjan Zijlmans, Michiel van Elk and Eric-Jan Wagenmakers},
    year         = {2021},
    journal      = {Religion, Brain & Behavior, 13(3), 237-283}}


@article{Reed2018,
    title        = {A Primer on the ‘Reproducibility Crisis’ and Ways to Fix It},
    author       = {Reed, W. Robert },
    year         = {2018},
    journal      = {Australian Economic Review, 51(2), 286-300}}


@article{Baker2016,
    title        = {1,500 scientists lift the lid on reproducibility},
    author       = {Baker, Monya},
    year         = {2016},
    journal      = {Nature, 533(7604), 452-454}}

@article{Hlavac2022,
    title        = {stargazer: Well-Formatted Regression and Summary Statistics
Tables. R package version 5.2.3},
    author       = {Hlavac, Marek},
    year         = {2022},
    journal      = {https://CRAN.R-project.org/package=stargazer}}


@article{Masur2020,
    title = {specr: Conducting and Visualizing Specification Curve Analyses (Version 1.0.1)},
    author = {Philipp K. Masur and Michael Scharkow},
    year = {2020},
    url = {https://CRAN.R-project.org/package=specr}}